@article{JUN14,
    shorthand = {JUN14},
    sortkey = {1},
    title = {A Behavioral Planning Framework for Autonomous Driving},
    author = {J. Wei et. al.},
    journal = {2014 IEEE Intelligent Vehicles Symposium},
    doi =  {10.1109/IVS.2014.6856582},
    year = {2014}
}

@article{RAS83,
    shorthand = {RAS83},
    sortkey = {2},
    title = {Skills, Rules and Knowledge; Signals, Signs and Symbols, and Other Distinctions in  Human Performance Models},
    author = {J. Rasmussen},
    journal = {IEEE Transactions  On  Systems, Man and Cybernetics, Volume  SMC-13, No. 3},
    doi = {10.1109/TSMC.1983.6313160},
    year = {1983}
}

@article{ILI19,
    shorthand = {ILI19},
    sortkey = {3},
    title = {Design Space of Behaviour Planning for Autonomous Driving},
    author = {M. Ilievski},
    %journal = {2014 IEEE Intelligent Vehicles Symposium},
    %publisher = {BMW Group},
    year = {2019},
}

@article{REI96,
    shorthand = {REI96},
    sortkey = {4},
    title = {Kontinuierliche Verhaltenssteuerung eines autonomen Fahrzeugs in dynamischer Umgebung},
    author = {D. Reichard},
    year = {1996},
}

@article{TAS16,
    shorthand = {TAS16},
    sortkey = {5},
    title = {Functional System Architectures towards Fully Automated Driving},
    author = {\"O. Tas et. al.},
    journal = {IEEE Intelligent Vehicles Symposium},
    doi = {0.1109/IVS.2016.7535402},
    year = {2016}
}

@article{AND16,
    shorthand = {AND16},
    sortkey = {6},
    title = {Robot Operating System: A Modular Software Framework for Automated  Driving},
    author = {A. Hellmund et. al.},
    journal = {2016 IEEE 19th International Conference on Intelligent Transportation Systems (ITSC)},
    year = {2016}
}

@article{KLC15,
    shorthand = {KLC15},
    sortkey = {7},
    title = {Behavior Trees with Stateful Tasks},
    author = {A. Klöckner },
    journal = {Advances in Aerospace Guidance, Navigation and Control, 509–519},
    doi = {10.1007/978-3-319-17518-8_29},
    year = {2015}
}

@article{MIT15,
    shorthand = {MIT15},
    sortkey = {8},
    title = {Regelkreis Fahrer-Kraftfahrzeug},
    author = {M. Mitschke und H. Wallentowitz},
    journal = {In: Dynamik der Kraftfahrzeuge. Springer Vieweg},
    doi = {10.1007/978-3-658-05068-9_23},
    year = {2014}
}

@article{GRI19,
    shorthand = {GRI19},
    sortkey = {9},
    title = {A survey of deep learning techniques for autonomous driving},
    author = {S. Grigorescu et. al},
    journal = {Journal of Field Robotics},
    doi = {10.1002/rob.21918},
    year = {2019}
}

@article{CIT11,
    shorthand = {CIT11},
    sortkey = {10},
    title = {Computational Intelligence},
    author = {R. Kruse et. al},
    %journal = {Journal of Field Robotics},
    doi = {10.1007/978-3-8348-8299-8_9},
    year = {2011}
}

@article{MIR18,
    shorthand = {MIR18},
    author = {B. Mirchevska et. al},
    year = {2018},
    sortkey = {11},
    title = {High-level Decision Making for Safe and Reasonable Autonomous Lane Changing using Reinforcement Learning},
    doi = {10.1109/ITSC.2018.8569448}
}

@article{DUA20,
    shorthand = {DUA20},
    author = {J. Duan et. al},
    year = {2020},
    sortkey = {12},
    title = {High-level Decision Making for Safe and Reasonable Autonomous Lane Changing using Reinforcement Learning},
    journal = {IET Intelligent Transport Systems}
    %doi = {10.1109/ITSC.2018.8569448}
}

@article{DUA20,
    shorthand = {DUA20},
    author = {J. Duan et. al},
    year = {2020},
    sortkey = {12},
    title = {High-level Decision Making for Safe and Reasonable Autonomous Lane Changing using Reinforcement Learning},
    journal = {IET Intelligent Transport Systems}
    %doi = {10.1109/ITSC.2018.8569448}
}

@article{STA18,
    shorthand = {STA18},
    %author = {J. Duan et. al},
    year = {2020},
    sortkey = {13},
    title = {Verkehrstote 2018},
    %journal = {IET Intelligent Transport Systems}
    publisher = {Statistisches Bundesamt }
    %doi = {10.1109/ITSC.2018.8569448}
}
